@online{retention,
url={https://www.privacy.org.nz/publications/statements-media-releases/new-zealands-biggest-data-breach-shows-retention-is-the-sleeping-giant-of-data-security/},
title = {{New Zealand’s biggest data breach shows retention is the sleeping giant
    of data security}},
year = 2023,
month = apr,
author = {{The Office of the Privacy Commissioner}},
urldate = {2022-12-01}
}

@article{eu:gdpr,
    day = {4},
    journal = {Official Journal of the European Union},
    key = {European Union},
    keywords = {data-protection, eu, gdpr, legal},
    month = may,
    pages = {1--88},
    posted-at = {2016-06-18 08:17:15},
    priority = {2},
    title = {{Regulation (EU) 2016/679 of the European Parliament and of the Council of 27 April 2016 on the protection of natural persons with regard to the processing of personal data and on the free movement of such data, and repealing Directive 95/46/EC (General Data Protection Regulation)}},
    url = {http://eur-lex.europa.eu/legal-content/EN/TXT/?uri=OJ:L:2016:119:TOC},
    volume = {L119},
    year = {2016}
}

@article{eu:gdpr17,
    day = {4},
    journal = {Official Journal of the European Union},
    key = {European Union},
    keywords = {data-protection, eu, gdpr, legal},
    month = may,
    posted-at = {2016-06-18 08:17:15},
    priority = {2},
    title = {{Art. 17 GDPR. Right to erasure ('right to be forgotten')}},
    url = {https://gdpr-info.eu/art-17-gdpr/},
    volume = {L119},
    year = {2016}
}

@online{mastadon,
    title = {{Social networking that's not for sale.}},
    url = {https://joinmastodon.org/},
    year = 2023,
    author = {{Mastadon gGmbH}},
    urldate = {2024-02-07},
}

@online{townsend:cryptoshredding,
  TITLE = {{GDPR, Right of Erasure (Right to be Forgotten), and Encryption Key Management}},
  month = jan,
  year = 2028,
  author = {Patrick Townsend},
  urldate = {2023-04-08},
  url = {https://info.townsendsecurity.com/gdpr-right-erasure-encryption-key-management},
}

@online{aws:cryptoshredding,
  TITLE = {{Podcast: How AWS KMS could help customers meet encryption and deletion requirements, including GDPR}},
  month = jun,
  year = 2018,
  author = {Katie Doptis},
  url = {https://aws.amazon.com/blogs/security/podcast-how-aws-kms-could-help-customers-meet-encryption-and-deletion-requirements-including-gdpr/},
  urldate = {2023-04-08},
}

@online{gtr:cryptoshredding,
  TITLE = {{Crypto-shredding the best solution for cloud system data erasure}},
  month = jan,
  year = 2022,
  author = {{GlobalData Thematic Research}},
  url = {https://www.verdict.co.uk/crypto-shredding-gdpr-cloud-systems/},
  urldate = {2023-04-08},
}

@online{ccpa,
  title = {{The California Consumer Privacy Act of 2018}},
  month = jun,
  year = 2018,
  author = {{California Legislature}},
  url = {https://leginfo.legislature.ca.gov/faces/billTextClient.xhtml?bill_id=201720180AB375},
}

@online{china:gdpr-like,
  title = {{GDPR Meets its Match ... in China}},
  url = {https://www.chinalawblog.com/2019/07/gdpr-meets-its-match-in-china.html},
  urldate = {2020-06-04},
  author = {Thorne, Griffin},
  month = jul,
  year = 2019,
  howpublished = {China Law Blog},
}

@inproceedings{garg,
  title={{Formalizing Data Deletion in the Context of the Right to be
      Forgotten}},
  author={Garg, Sanjam and Goldwasser, Shafi and Vasudevan, Prashant Nalini},
  booktitle={Annual International Conference on the Theory and Applications of Cryptographic Techniques},
  pages={373--402},
  year={2020},
  publisher={Springer}
}
@article{myfw,
  title={{``My Friend Wanted to Talk About It and I Didn't''': Understanding
      Perceptions of Deletion Privacy in Social Platforms}},
  author={M. Minaei and Mainack Mondal and A. Kate},
  journal={ArXiv},
  year={2020},
  volume={abs/2008.11317}
}

@Article{pinq,
author = {McSherry, Frank},
title = {Privacy Integrated Queries},
year = {2010},
month = sep,
publisher = {Association for Computing Machinery, Inc.},
url = {https://www.microsoft.com/en-us/research/publication/privacy-integrated-queries-2},
pages = {89-97},
journal = {Communications of the ACM},
volume = {53},
edition = {Communications of the ACM},
}

@online{trawler,
  author = {Gjengset, Jon},
  title = {{Trawler}},
  date = {2020-12-02},
  publisher = {GitHub},
  journal = {GitHub repository},
  url= {https://github.com/jonhoo/trawler},
  version = {0.10.2}
}

@online{npr:data,
 author  = {Diaz, Jaclyn},
 month = dec,
 year = 2020,
 title   = {{Amazon, TikTok, Facebook, Others Ordered To Explain What They Do
     With User Data}},
 howpublished = {NPR},
 url     = {https://www.npr.org/2020/12/15/946583479/amazon-tiktok-facebook-others-ordered-to-explain-what-they-do-with-user-data},
 urldate = {2020-12-16}
}

@online{nytimes:230,
    title   = {Legal Shield for Social Media Is Targeted by Lawmakers},
    url     =
    {https://www.nytimes.com/2020/05/28/business/section-230-internet-speech.html},
    urldate = {2021-01-20},
    author  = {Wakabayahsi, Daisuke},
    month = dec,
    year = 2020,
    howpublished = {The New York Times},
}

@online{reddit:throwaway,
    title   = {How to Make a Burner Account on Reddit, Even Though They Don't Want You to Anymore},
    url     = {https://lifehacker.com/how-to-make-a-burner-account-on-reddit-even-though-the-1848336857},
    urldate = {2022-12-08},
    author  = {Parab, Pranay},
    month = jan,
    year =  2022,
    howpublished = {Lifehacker},
}

@online{ferpa,
    title={{FERPA}},
    author= {{U.S. Department of Education}},
    month = aug,
    year = 1974,
    url={https://studentprivacy.ed.gov/ferpa},
}

@online{nytimes:finsta,
    title   = {'Finsta,' Explained},
    url     = {https://www.nytimes.com/2021/09/30/style/finsta-instagram-accounts-senate.html},
    urldate = {2022-12-08},
    author  = {Weaver, Caity and Issawi, Danya},
    month = sep,
    year =  2021,
    howpublished = {The New York Times},
}


@online{nytimes:amazonsub,
    title   = {Consumer Groups Target Amazon Prime’s Cancellation Process},
    url     =
    {https://www.nytimes.com/2021/01/14/world/europe/amazon-prime-cancellation-complaint.html},
    urldate = {2021-01-14},
    author  = {Kwai, Isabella},
    month = jan,
    year = 2021,
    howpublished = {The New York Times},
}


@online{nytimes:fb,
    title   = {As Facebook Raised a Privacy Wall, It Carved an Opening for Tech Giants},
    url     = {https://www.nytimes.com/2018/12/18/technology/facebook-privacy.html},
    urldate = {2020-12-16},
    author  = {Dance, Gabriel J.X. and LaForgia, Michael and Confessore, Nicholas},
    month = dec,
    year = 2018,
    howpublished = {The New York Times},
}

%https://edit.tosdr.org/topics/45

@online{hotcrp:privacy,
    author = {Kohler, Eddie},
    title = {{HotCRP.com privacy policy}},
    urldate = {2020-12-07},
    url = {https://hotcrp.com/privacy},
    howpublished = {HotCRP.com},
    month = aug,
    year = 2020,
}

@online{github:privacy,
    title   = {{GitHub Privacy Statement}},
    url = {https://docs.github.com/en/free-pro-team@latest/github/site-policy/github-privacy-statement},
    urldate = {2020-12-17},
    author  = {GitHub Inc.},
    month = nov,
    year = 2020,
    howpublished = {GitHub Docs},
}

@online{reddit:privacy,
    title   = {{Reddit Privacy Policy}},
    url =
{https://www.redditinc.com/policies/privacy-policy},
    urldate = {2020-12-17},
    author  = {Reddit Inc.},
    month = sep,
    year = 2020,
    howpublished = {RedditInc.com},
}

@online{hackernews:privacy,
    title   = {{Legal: Privacy Policy}},
    url = {https://www.ycombinator.com/legal},
    urldate = {2020-12-17},
    author  = {Y Combinator Management LLC.},
    month = jan,
    year = 2020,
    howpublished = {YCombinator.com},
}

@online{twitter:privacy,
    title   = {{Twitter Privacy Policy}},
    url = {https://twitter.com/en/privacy},
    urldate = {2020-12-17},
    author  = {Twitter Inc.},
    month = jun,
    year = 2020,
    howpublished = {Twitter.com},
}

@online{facebook:privacy,
    title = {{Data Policy}},
    url = {https://www.facebook.com/about/privacy},
    urldate = {2020-12-17},
    author = {Facebook Inc.},
    month = aug,
    year = 2020,
    howpublished = {Facebook.com},
}

@online{lobsters:privacy,
    title = {{Privacy Policy}},
    url = {https://lobste.rs/privacy},
    author = {Lobsters},
    urldate = {2020-12-17},
    howpublished = {Lobste.rs}
}

@online{lobsters,
    title = {{Lobsters}},
    url = {https://lobste.rs},
    urldate = {2021-02-03},
}

@online{swagger,
    title = {{Swagger}},
    url = {https://swagger.io/},
    urldate = {2021-12-03},
}

@online{hotcrp,
    author = {Kohler, Eddie},
    title = {{HotCRP.com}},
    url = {https://hotcrp.com},
    urldate = {2021-02-03},
}

@online{amazon:privacy,
    title={{Amazon.com Privacy Notice}},
    author = {Amazon.com Inc.},
    urldate = {2020-12-17},
    url = {https://www.amazon.com/gp/help/customer/display.html?nodeId=GX7NJQ4ZB8MHFRNJ},
    howpublished = {Amazon.com},
    month = jan,
    year = 2020,
}

@online{amazon:close,
title={{What Happens When I Close My Account}},
author = {Amazon.com Inc.},
urldate = {2020-12-17},
url = {https://www.amazon.com/gp/help/customer/display.html?nodeId=GBDB29JHRPFBDVYV},
howpublished = {Amazon.com}
}

@online{linkedin:privacy,
    title = {{LinkedIn Privacy Policy}},
    url = {https://www.linkedin.com/legal/privacy-policy},
    author =  {LinkedIn},
    urldate = {2021-01-26},
    howpublished={linkedin.com},
    month = jan,
    year = 2021,
}

@online{stackoverflow:privacy,
    title={{Stack Exchange, Inc. Terms of Service}},
    url = {https://stackoverflow.com/legal/terms-of-service},
    author = {Stack Exchange Inc.},
    urldate = {2021-01-26},
    howpublished = {stackoverflow.com},
    month = feb,
    year = 2020,
}

@online{wikipedia:privacy,
    title = {{Privacy Policy}},
    url = {https://foundation.wikimedia.org/wiki/Privacy_policy},
    author = {Wikimedia Foundation},
    urldate = {2021-01-26},
    howpublished = {foundation.wikimedia.org},
    month = may,
    year = 2018,
}

@online{prestashop:privacy,
    title = {{Complying with the GDPR}},
    url = {https://doc.prestashop.com/display/PS17/Complying+with+the+GDPR},
    author =  {Bonnard, Louise},
    urldate = {2020-12-17},
    howpublished={doc.prestashop.com},
    month = may,
    year = 2018,
}

@online{spotify:privacy,
    title = {{Spotify Privacy Policy}},
    url = {https://www.spotify.com/us/legal/privacy-policy},
    author = {Spotify},
    month = jan,
    year = 2020,
    urldate = {2020-12-17},
}

@online{strava:privacy,
    title = {{Strava Privacy Policy}},
    url = {https://www.strava.com/legal/privacy},
    author = {Strava},
    month = dec,
    year = 2020,
    urldate = {2020-12-17},
}

@online{breach:flo,
    title = {{Developer of Popular Women’s Fertility-Tracking App Settles FTC
        Allegations that It Misled Consumers About the Disclosure of their
            Health Data}},
    url =
    {https://www.ftc.gov/news-events/press-releases/2021/01/developer-popular-womens-fertility-tracking-app-settles-ftc},
    author = {FTC},
    month = jan,
    year = 2021,
    urldate = {2021-01-13},
}

@online{breach:marriott,
    title = {{Marriott Hacking Exposes Data of Up to 500 Million Guests}},
    url = {https://www.nytimes.com/2018/11/30/business/marriott-data-breach.html},
    author = {Perlroth, Nicole and  Tsang, Amie and Satariano, Addam},
    month = nov,
    year = 2018,
    urldate = {2020-12-19},
}

@online{tinder,
    url = {https://foundation.mozilla.org/en/privacynotincluded/tinder/},
    title = {{Tinder (*Privacy Not Included)}},
    author = {{Mozilla Foundation}},
    month = mar,
    year = 2021,
    urldate = {2023-08-23},
}

@online{okcupid,
    url = {https://securityboulevard.com/2021/04/heartbreak-and-hacking-dating-apps-in-the-pandemic/},
    title = {{Heartbreak and Hacking: Dating Apps in the Pandemic}},
    author = {De Beer, Vincent},
    month = apr,
    year = 2021,
    urldate = {2023-08-23},
}


@online{breach:twitter,
    title = {{Twitter becomes first US tech firm fined for EU privacy law
        violation}},
    url =
    {https://thehill.com/policy/technology/530238-twitter-becomes-first-us-tech-firm-fined-for-eu-privacy-law-violation},
    author = {Klar, Rebecca},
    month = dec,
    year = 2020,
    urldate = {2020-12-19},
}
@online{breach:fb,
    title = {{Quora, the Q. and A. Site, Says Data Breach Affected 100 Million
        Users}},
    url = {https://www.nytimes.com/2018/12/04/technology/quora-hack-data-breach.html},
    author = {Zhong, Raymond},
    month = dec,
    year = 2018,
    urldate = {2020-12-19},
}

@online{breach:amazon,
    title = {{Data from August Breach of Amazon Partner Juspay Dumped
        Online}},
    url =
    {https://threatpost.com/data-from-august-breach-of-amazon-partner-juspay-dumped-online/162740},
    author = {Montalbano, Eliabeth},
    month = jan,
    year = 2021,
    urldate = {2021-01-06},
}

@online{breach:quora,
    title = {{Facebook Security Breach Exposes Accounts of 50 Million Users}},
    url = {https://www.nytimes.com/2018/09/28/technology/facebook-hack-data-breach.html},
    author = {Isaac, Mike and Frenkel, Sheera},
    month = sep,
    year = 2018,
    urldate = {2020-12-19},
}

@online{jdm,
  title = {{JustDeleteMe}},
  author = {JDM Contrib Team},
  url = {https://justdeleteme.xyz},
  urldate = {2021-01-05},
  year = 2021,
  month = jan,
}

@inproceedings{amber,
    author = {Tej Chajed and Jon Gjengset and Jelle van den Hooff and M. Frans Kaashoek and James Mickens and Robert Morris and Nickolai Zeldovich},
    title = {{Amber: Decoupling User Data from Web Applications}},
    booktitle={Proceedings of the 15$^{th}$ Workshop on Hot Topics in Operating Systems ({HotOS})},
    year = {2015},
    address = {Kartause Ittingen, Switzerland},
    url = {https://www.usenix.org/conference/hotos15/workshop-program/presentation/chajed},
publisher = {Association for Computing Machinery},
    month = may,
}

@inproceedings{w5,
   author =       "Maxwell Krohn and Alex Yip and Micah Brodsky and Robert Morris and Michael Walfish",
   title =        {{A World Wide Web  Without Walls}},
   booktitle =    {Proceedings of the 6\textsuperscript{th} ACM Workshop on Hot Topics in Networking (HotNets)},
   year =         {2007},
   month =        nov,
   address =      {Atlanta, Georgia, USA}
}

@inproceedings{blockstack,
 author = {Muneeb Ali and Jude Nelson and Ryan Shea and Michael J. Freedman},
 title = {{Blockstack: A Global Naming and Storage System Secured by
     Blockchains}},
 booktitle = {Proceedings of the 2016 {USENIX} Annual Technical Conference (ATC)},
 year = {2016},
  publisher = {USENIX Association},
 address = {Denver, Colorado, USA},
 pages = {181--194},
 url = {https://www.usenix.org/conference/atc16/technical-sessions/presentation/ali},
 month = jun,
}

@online{blockstack-whitepaper,
 author = {Muneeb Ali, Ryan Shea, Jude Nelson, Michael J. Freedman},
 title = {{Blockstack Technical Whitepaper v1.1}},
 url = {http://cs.brown.edu/courses/csci2390/readings/blockstack-v1.1.pdf},
 urldate = {2020-06-05},
}

@inproceedings{bstore,
author = {Chandra, Ramesh and Gupta, Priya and Zeldovich, Nickolai},
title = {Separating Web Applications from User Data Storage with BSTORE},
year = {2010},
address = {USA},
booktitle = {Proceedings of the 2010 USENIX Conference on Web Application
    Development (WebApps)},
  publisher = {USENIX Association},
numpages = {1},
location = {Boston, Massachusetts, USA},
}

@article{secretsharing,
author = {Shamir, Adi},
title = {How to Share a Secret},
year = {1979},
issue_date = {Nov. 1979},
publisher = {Association for Computing Machinery},
address = {New York, NY, USA},
volume = {22},
number = {11},
issn = {0001-0782},
url = {https://doi.org/10.1145/359168.359176},
journal = {Communications of the ACM},
month = nov,
pages = {612–613},
numpages = {2},
keywords = {interpolation, key management, cryptography}
}

@techreport{solid,
  title={{Solid: a platform for decentralized social applications based on linked
      data}},
  author={Sambra, Andrei Vlad and Mansour, Essam and Hawke, Sandro and Zereba, Maged and Greco, Nicola and Ghanem, Abdurrahman and Zagidulin, Dmitri and Aboulnaga, Ashraf and Berners-Lee, Tim},
  year={2016},
  institution={MIT CSAIL \& Qatar Computing Research Institute}
}

@article{schema:evo,
  title={{Automating the database schema evolution process}},
  author={Curino, Carlo and Moon, Hyun Jin and Deutsch, Alin and Zaniolo, Carlo},
  journal={The VLDB Journal},
  volume={22},
  number={1},
  pages={73--98},
  year={2013},
  publisher={Springer}
}

@inproceedings{sypse,
  title={{Sypse: Privacy-first Data Management through Pseudonymization and
      Partitioning}},
  author={Deshpande, Amol},
  booktitle={Proceedings of the 11$^{th}$ Conference on Innovative Data Systems Research (CIDR)},
  year={2021},
  month=jan,
  address = {Chaminade, California, USA}
}

@book{contentmod,
  title={{Custodians of the Internet: Platforms, content moderation, and the
      hidden decisions that shape social media}},
  author={Gillespie, Tarleton},
  year={2018},
  publisher={Yale University Press}
}

@misc{sasb,
  title={{Content Moderation Taxonomy}},
  author={SASB},
  year={2020},
  publisher={Accessed: Jan},
  url={https://www.sasb.org/wp-content/uploads/2020/11/Content-ModerationTaxonomy-v7b.pdf},
}

@InProceedings{schengendb,
author="Kraska, Tim
and Stonebraker, Michael
and Brodie, Michael
and Servan-Schreiber, Sacha
and Weitzner, Daniel",
title="SchengenDB: A Data Protection Database Proposal",
booktitle="Heterogeneous Data Management, Polystores, and Analytics for Healthcare",
year="2019",
publisher="Springer",
pages="24--38",
}

@inproceedings{k9db,
author="Dak Albab, Kinan and Sharma, Ishan and Adam, Justus and Kilimnik,
Benjamin and Jeyaraj, Aaron and Paul, Raj and Agvanian, Artem and Spiegelberg,
Leonhard and Schwarzkopf, Malte",
title="K9db: Privacy-Compliant Storage For Web Applications By Construction",
booktitle = {Proceedings of the 17\textsuperscript{th} {USENIX} Symposium on Operating Systems Design and Implementation ({OSDI})},
year = {2023},
publisher = {USENIX Association},
month = jul,
}

@InProceedings{usershards,
author="Schwarzkopf, Malte
and Kohler, Eddie
and Frans Kaashoek, M.
and Morris, Robert",
title="Position: GDPR Compliance by Construction",
booktitle="Heterogeneous Data Management, Polystores, and Analytics for Healthcare",
year="2019",
publisher="Springer International Publishing",
address="Cham",
pages="39--53",
}

@article {scrambledb,
      author = "Anja Lehmann",
      title = {{ScrambleDB: Oblivious (Chameleon)
          Pseudonymization-as-a-Service}},
      journal = "Proceedings on Privacy Enhancing Technologies",
      year = "01 Jul. 2019",
      publisher = "Sciendo",
      address = "Berlin",
      volume = "2019",
      number = "3",
      pages=      "289 - 309",
      url = "https://content.sciendo.com/view/journals/popets/2019/3/article-p289.xml"
}

@article{sieve,
  title={{Sieve: A Middleware Approach to Scalable Access Control for Database
      Management Systems}},
  author={Pappachan, Primal and Yus, Roberto and Mehrotra, Sharad and Freytag, Johann-Christoph},
  journal={arXiv preprint arXiv:2004.07498},
  year={2020}
}

@article{jeeves,
  title={{A Language for Automatically Enforcing Privacy Policies}},
  author={Yang, Jean and Yessenov, Kuat and Solar-Lezama, Armando},
  journal={ACM SIGPLAN Notices},
  volume={47},
  number={1},
  pages={85--96},
  year={2012},
  publisher={ACM New York, NY, USA}
}

@inproceedings{databox,
author = {Mortier, Richard and Zhao, Jianxin and Crowcroft, Jon and Wang, Liang and Li, Qi and Haddadi, Hamed and Amar, Yousef and Crabtree, Andy and Colley, James and Lodge, Tom and Brown, Tosh and McAuley, Derek and Greenhalgh, Chris},
title = {Personal Data Management with the Databox: What's Inside the Box?},
year = {2016},
publisher = {Association for Computing Machinery},
address = {New York, NY, USA},
url = {https://doi.org/10.1145/3010079.3010082},
booktitle = {Proceedings of the 2016 ACM Workshop on Cloud-Assisted Networking},
pages = {49–54},
numpages = {6},
location = {Irvine, California, USA},
series = {CAN '16}
}

@techreport{oort,
  title={{Oort: User-Centric Cloud Storage with Global Queries}},
  author={Chajed, Tej and Gjengset, Jon and Kaashoek, M. Frans and Mickens, James and Morris, Robert and Zeldovich, Nickolai},
  year={2016},
  number={MIT-CSAIL-TR-2016-015},
  institution={MIT CSAIL},
  url={https://people.csail.mit.edu/nickolai/papers/chajed-oort.pdf},
}

@inproceedings{diy,
  title={{DIY Hosting for Online Privacy}},
  author={Palkar, Shoumik and Zaharia, Matei},
  booktitle={Proceedings of the 16\textsuperscript{th} ACM Workshop on Hot Topics in Networks (HotNets)},
  pages={1--7},
  year={2017}
}

@Inbook{dataminingmodels,
author="Aggarwal, Charu C.
and Yu, Philip S.",
editor="Aggarwal, Charu C.
and Yu, Philip S.",
title={{A General Survey of Privacy-Preserving Data Mining Models and
    Algorithms}},
bookTitle="Privacy-Preserving Data Mining: Models and Algorithms",
year="2008",
publisher="Springer",
address="Boston, Massachusetts, USA",
pages="11--52",
doi="10.1007/978-0-387-70992-5_2",
url="https://doi.org/10.1007/978-0-387-70992-5_2"
}

%% candid and deco propose solutions to key management/movement of private data from one web
%application to another
@article{candid,
  title={{CanDID: Can-Do Decentralized Identity with Legacy Compatibility,
      Sybil-Resistance, and Accountability}},
  author={Maram, Deepak and Malvai, Harjasleen and Zhang, Fan and Jean-Louis, Nerla and Frolov, Alexander and Kell, Tyler and Lobban, Tyrone and Moy, Christine and Juels, Ari and Miller, Andrew},
  year={2020}
}

@inproceedings{deco,
author = {Zhang, Fan and Maram, Deepak and Malvai, Harjasleen and Goldfeder, Steven and Juels, Ari},
title = {{DECO: Liberating Web Data Using Decentralized Oracles for TLS}},
year = {2020},
publisher = {Association for Computing Machinery},
address = {New York, NY, USA},
url = {https://doi.org/10.1145/3372297.3417239},
booktitle = {Proceedings of the 2020 ACM SIGSAC Conference on Computer and
    Communications Security (CCS)},
pages = {1919–1938},
numpages = {20},
keywords = {transport layer security, oracles, smart contracts, blockchains},
location = {Virtual Event, USA},
}

@inproceedings{jif,
  title={{Language-Based Enforcement of Privacy Policies}},
  author={Hayati, Katia and Abadi, Martín},
  booktitle={Proceedings of the International Workshop on Privacy Enhancing Technologies},
  pages={302--313},
  year={2004},
  publisher={Springer}
}


@inproceedings {qapla,
author = {Aastha Mehta and Eslam Elnikety and Katura Harvey and Deepak Garg and Peter Druschel},
title = {{Qapla: Policy Compliance for Database-Backed Systems}},
booktitle = {Proceedings of the 26\textsuperscript{th} {USENIX} Security Symposium ({USENIX} Security)},
year = {2017},
address = {Vancouver, British Columbia},
pages = {1463--1479},
url = {https://www.usenix.org/conference/usenixsecurity17/technical-sessions/presentation/mehta},
month = aug,
publisher = {USENIX Association},
}

@inproceedings{cryptdb,
author = {Popa, Raluca Ada and Redfield, Catherine M. S. and Zeldovich, Nickolai and Balakrishnan, Hari},
title = {{CryptDB: Protecting Confidentiality with Encrypted Query
    Processing}},
year = {2011},
url = {https://doi.org/10.1145/2043556.2043566},
booktitle = {Proceedings of the 23\textsuperscript{th} ACM Symposium on Operating Systems Principles (SOSP)},
pages = {85–100},
numpages = {16},
location = {Cascais, Portugal},
publisher = {Association for Computing Machinery},
}

@article{oracle,
  title={{The Virtual Private Database in Oracle9iR2}},
  author={Browder, Kristy and Davidson, Mary Ann},
  journal={Oracle Technical White Paper, Oracle Corporation},
  volume={500},
  number={280},
  year={2002}
}

@inproceedings{static,
author = {Chlipala, Adam},
year = {2010},
month = jan,
pages = {105-118},
title = {{Static Checking of Dynamically-Varying Security Policies in
    Database-Backed Applications}},
booktitle = {Proceedings of the 9\textsuperscript{th} {USENIX} Symposium on Operating Systems Design and Implementation ({OSDI})},
publisher = {USENIX Association},
}

@inproceedings{multiverse,
  title={{Towards Multiverse Databases}},
  author={Marzoev, Alana and Araújo, Lara Timbó and Schwarzkopf, Malte and Yagati, Samyukta and
      Kohler, Eddie and Morris, Robert and Kaashoek, M. Frans and Madden, Sam},
  booktitle={Proceedings of the 17$^{th}$ Workshop on Hot Topics in Operating Systems ({HotOS})},
publisher = {Association for Computing Machinery},
  pages={88--95},
  year={2019}
}

@inproceedings {hails,
author = {Daniel B. Giffin and Amit Levy and Deian Stefan and David Terei and David Maziéres and John C. Mitchell and Alejandro Russo},
title = {{Hails: Protecting Data Privacy in Untrusted Web Applications}},
booktitle = {Proceedings of the 10\textsuperscript{th} {USENIX} Symposium on Operating Systems Design and Implementation ({OSDI})},
year = {2012},
address = {Hollywood, California, USA},
pages = {47--60},
url = {https://www.usenix.org/conference/osdi12/technical-sessions/presentation/giffin},
month = oct,
publisher = {USENIX Association},
}

@inproceedings{ifdb,
  title={{IFDB: Decentralized Information Flow Control for Databases}},
  author={Schultz, David and Liskov, Barbara},
  booktitle={Proceedings of the 8\textsuperscript{th} ACM European Conference on Computer Systems (EuroSys)},
  pages={43--56},
  year={2013},
  month=apr,
}

@inproceedings {delf,
author = {Katriel Cohn-Gordon and Georgios Damaskinos and Divino Neto and Joshi Cordova and
    Benoít Reitz and Benjamin Strahs and Daniel Obenshain and Paul Pearce and Ioannis Papagiannis},
title = {{DELF}: Safeguarding deletion correctness in Online Social Networks},
booktitle = {Proceedings of the 29\textsuperscript{th} {USENIX} Security Symposium ({USENIX} Security)},
year = {2020},
url = {https://www.usenix.org/conference/usenixsecurity20/presentation/cohn-gordon},
publisher = {USENIX Association},
month = aug,
}

@inproceedings{differential,
  title={{Differential privacy: A survey of results}},
  author={Dwork, Cynthia},
  booktitle={International conference on theory and applications of models of computation},
  pages={1--19},
  year={2008},
  publisher={Springer}
}


@article{orm,
  title={{Twenty years of object-relational mapping: A survey on patterns,
      solutions, and their implications on application design}},
  author={Torres, Alexandre and Galante, Renata and Pimenta, Marcelo S. and Martins, Alexandre
      Jonatan B.},
  journal={Information and Software Technology},
  volume={82},
  pages={1--18},
  year={2017},
  publisher={Elsevier}
}


@online{strava:heatmap,
    title   = {{The Strava Heat Map and the End of Secrets}},
    url     =
    {https://www.wired.com/story/strava-heat-map-military-bases-fitness-trackers-privacy},
    urldate = {2021-02-01},
    author  = {Hsu, Jeremy},
    month = jan,
    year = 2018,
    howpublished = {Wired Magazine},
}


@inproceedings{tao,
  title={{{TAO}: Facebook’s distributed data store for the social graph}},
  author={Bronson, Nathan and Amsden, Zach and Cabrera, George and Chakka, Prasad and Dimov, Peter and Ding, Hui and Ferris, Jack and Giardullo, Anthony and Kulkarni, Sachin and Li, Harry and others},
  booktitle={2013 {USENIX} Annual Technical Conference ({USENIX} {ATC} 13)},
  pages={49--60},
  publisher = {USENIX Association},
  year={2013}
}

@online{starwood-hack,
  author = {{Mariott International, Inc.}},
  title = {{Marriott Announces Starwood Guest Reservation Database Security
      Incident}},
  month = nov,
  year = 2018,
  url = {https://news.marriott.com/news/2018/11/30/marriott-announces-starwood-guest-reservation-database-security-incident},
  urldate = {2019-11-05},
}

@online{websubmit-rs,
  author = {Schwarzkopf, Malte},
  title = {{websubmit-rs: a simple class submission system}},
  url = {https://github.com/ms705/websubmit-rs},
  urldate = {2020-06-03},
}

@online{websubmit-rs-anon,
  author = {{Anonymous Authors}},
  title = {{WebSubmit: a simple class submission system}},
  url = {https://github.com/XXXXX},
  urldate = {2020-06-03},
  note = {Unblinded citation supplied on HotCRP.}
}

@online{rocket-rs,
  author = {Benitez, Sergio},
  title = {{Rocket -- Simple, Fast, Type-Safe Web Framework for Rust}},
  url = {https://rocket.rs/},
  urldate = {2020-06-03},
}

@online{lobsters-data,
   author = {Harkins, Peter Bhat},
   title = {{Lobste.rs access pattern statistics for research purposes}},
   month = mar,
   year = 2018,
   url = {https://lobste.rs/s/cqnzl5/lobste_rs_access_pattern_statistics_for#c_hj0r1b},
   urldate = {2018-03-12},
}

@inproceedings{pbkdf,
  title={{Design and analysis of password-based key derivation functions}},
  author={Yao, Frances F and Yin, Yiqun Lisa},
  booktitle={Topics in Cryptology (CT-RSA): The Cryptographers' Track at the RSA Conference},
  address = {San Francisco, California, USA},
  pages={245--261},
  year={2005},
  publisher={Springer}
}

@online{pbkdf-security,
   author = {{Bellovin, S. M.}, {Merritt, M.}},
   title = {{Encrypted key exchange: password-based protocols secure against
       dictionary attacks}},
   year = 1992,
   url = {https://ieeexplore.ieee.org/document/213269},
}

@techreport{pbkdf-rfc,
  title={{PKCS\# 5: Password-based cryptography specification version 2.0}},
  author={Kaliski, Burt},
  year={2000}
}

@inproceedings{mylar,
 author = {Popa, Raluca Ada and Stark, Emily and Helfer, Jonas and Valdez, Steven and Zeldovich, Nickolai and Kaashoek, M. Frans and Balakrishnan, Hari},
 title = {{Building Web Applications on Top of Encrypted Data Using Mylar}},
 booktitle = {Proceedings of the 11\textsuperscript{th} USENIX Conference on Networked Systems Design and Implementation (NSDI)},
 year = {2014},
 location = {Seattle, Washington, USA},
 pages = {157--172},
 numpages = {16},
 url = {http://dl.acm.org/citation.cfm?id=2616448.2616464},
 acmid = {2616464},
  publisher = {USENIX Association},
}

@online{keybase,
  author = {Keybase},
  url = {https://keybase.io},
  urldate = {2021-12-12}
}

@article{automated-schema-evol-prism,
 author = {Curino, Carlo and Moon, Hyun Jin and Deutsch, Alin and Zaniolo, Carlo},
 title = {{Automating the Database Schema Evolution Process}},
 journal = {The VLDB Journal},
 issue_date = {February  2013},
 volume = {22},
 number = {1},
 month = feb,
 year = {2013},
 issn = {1066-8888},
 pages = {73--98},
 numpages = {26},
 url = {http://dx.doi.org/10.1007/s00778-012-0302-x},
 acmid = {2431356},
 keywords = {Integrity constraints management, Mapping, Relational, Rewriting, SMO, Schema evolution, Updates},
}

@article{f1-schema-change,
 author = {Rae, Ian and Rollins, Eric and Shute, Jeff and Sodhi, Sukhdeep and Vingralek, Radek},
 title = {{Online, Asynchronous Schema Change in {F1}}},
 journal = {Proceedings of the VLDB Endowment},
 issue_date = {August 2013},
 volume = {6},
 number = {11},
 month = aug,
 year = {2013},
 issn = {2150-8097},
 pages = {1045--1056},
 numpages = {12},
 url = {http://dx.doi.org/10.14778/2536222.2536230},
 acmid = {2536230},
}

@online{hotcrp-autoupgrade,
  author = {Eddie Kohler},
  title = {{{HotCRP} auto-upgrader}},
  url = {https://github.com/kohler/hotcrp/blob/master/src/updateschema.php},
  urldate = {2017-01-18},
}

@inproceedings{zeph,
  author = {Lukas Burkhalter and Nicolas K{\"u}chler and Alexander Viand and Hossein Shafagh and Anwar Hithnawi},
  title = {{Zeph: Cryptographic Enforcement of End-to-End Data Privacy}},
  booktitle = {Proceedings of the 15\textsuperscript{th} {USENIX} Symposium on Operating Systems Design and Implementation (OSDI)},
  publisher = {USENIX Association},
  year = {2021},
  pages = {387--404},
  url = {https://www.usenix.org/conference/osdi21/presentation/burkhalter},
  month = jul,
}

@inproceedings{riverbed,
 author = {Frank Wang and Ronny Ko and James Mickens},
 title = {{Riverbed: Enforcing User-defined Privacy Constraints in Distributed
     Web Services}},
 booktitle = {Proceedings of the 16\textsuperscript{th} {USENIX} Symposium on Networked Systems Design and Implementation (NSDI)},
 year = {2019},
 month = feb,
 address = {Boston, Massachusetts, USA},
 pages = {615--630},
  publisher = {USENIX Association},
 url = {https://www.usenix.org/conference/nsdi19/presentation/wang-frank},
}

@inproceedings{ryoan,
 author = {Hunt, Tyler and Zhu, Zhiting and Xu, Yuanzhong and Peter, Simon and Witchel, Emmett},
 title = {{Ryoan: A Distributed Sandbox for Untrusted Computation on Secret
     Data}},
 booktitle = {Proceedings of the 12\textsuperscript{th} USENIX Conference on Operating Systems Design and Implementation (OSDI)},
 year = {2016},
 location = {Savannah, Georgia, USA},
 pages = {533--549},
  publisher = {USENIX Association},
 numpages = {17},
 url = {http://dl.acm.org/citation.cfm?id=3026877.3026919},
 acmid = {3026919},
}

@inproceedings{vanish,
 author = {Geambasu, Roxana and Kohno, Tadayoshi and Levy, Amit A. and Levy, Henry M.},
 title = {{Vanish: Increasing Data Privacy with Self-destructing Data}},
 booktitle = {Proceedings of the 18\textsuperscript{th} USENIX Security
     Symposium (USENIX Security)},
  publisher = {USENIX Association},
 year = {2009},
 location = {Montreal, Canada},
 pages = {299--316},
 numpages = {18},
 url = {http://dl.acm.org/citation.cfm?id=1855768.1855787},
 acmid = {1855787},
}

@online{va:privacy-act,
  title = {{Virginia Passes Comprehensive Privacy Law}},
  url = {https://www.gibsondunn.com/virginia-passes-comprehensive-privacy-law/},
  urldate = {2021-03-08},
  author = {Southwell, Alexander H. and Bergsieker, Ryan T. and Gaedt-Sheckter, Cassandra L and
      Waldmann, Frances A. and Zivkovic, Lisa V.},
  month = mar,
  year = 2021,
  howpublished = {Gibson Dunn},
}


@inproceedings{dory,
  author = {Emma Dauterman and Eric Feng and Ellen Luo and Raluca Ada Popa and Ion Stoica},
  title = {{{DORY}: An Encrypted Search System with Distributed Trust}},
  booktitle = {Proceedings of the 14\textsuperscript{th} USENIX Symposium on Operating Systems Design and Implementation (OSDI)},
  year = {2020},
  publisher = {USENIX Association},
  pages = {1101--1119},
  url = {https://www.usenix.org/conference/osdi20/presentation/dauterman-dory},
  month = nov,
}

@inproceedings{snoopy,
  author = {Dauterman, Emma and Fang, Vivian and Demertzis, Ioannis and Crooks, Natacha and Popa, Raluca Ada},
  title = {{Snoopy: Surpassing the Scalability Bottleneck of Oblivious
      Storage}},
  year = {2021},
  url = {https://doi.org/10.1145/3477132.3483562},
  booktitle = {Proceedings of the 28\textsuperscript{th} ACM SIGOPS Symposium on Operating Systems Principles (SOSP)},
publisher = {Association for Computing Machinery},
  pages = {655–671},
  numpages = {17}
}

@InProceedings{anonymous-keys,
  author = {Bellare, Mihir and Boldyreva, Alexandra and Desai, Anand and Pointcheval, David},
  editor = {Boyd, Colin},
  title = {{Key-Privacy in Public-Key Encryption}},
  booktitle = {Proceedings of the International Conference on the Theory and Application of Cryptology and Information Security (ASIACRYPT)},
  year = {2001},
  month = nov,
  pages = {566--582},
}

@INPROCEEDINGS{socialnetwork_deanon,
  author={Narayanan, Arvind and Shmatikov, Vitaly},
  booktitle={2009 30th IEEE Symposium on Security and Privacy},
  title={{De-anonymizing Social Networks}},
  year={2009},
  volume={},
  number={},
  pages={173-187},
  doi={10.1109/SP.2009.22}}

@INPROCEEDINGS{neighborhood_deanon,
  author={Zhou, Bin and Pei, Jian},
  booktitle={Proceedings of the 2008 IEEE 24th International Conference on Data Engineering (ICDE)},
  title={{Preserving Privacy in Social Networks Against Neighborhood
      Attacks}},
  year={2008},
  volume={},
  number={},
  pages={506-515},
  doi={10.1109/ICDE.2008.4497459}}

@inproceedings{grubbs,
author = {Grubbs, Paul and Ristenpart, Thomas and Shmatikov, Vitaly},
title = {Why Your Encrypted Database Is Not Secure},
year = {2017},
url = {https://doi.org/10.1145/3102980.3103007},
booktitle = {Proceedings of the 16$^{th}$ Workshop on Hot Topics in Operating
    Systems ({HotOS})},
pages = {162–168},
numpages = {7},
location = {Whistler, British Columbia, Canada},
publisher = {Association for Computing Machinery},
}

@techreport{nber,
 title = {{GDPR and the Lost Generation of Innovative Apps}},
 author = "Janßen, Rebecca and Kesler, Reinhold and Kummer, Michael E and Waldfogel, Joel",
 institution = "National Bureau of Economic Research",
 type = "Working Paper",
 series = "Working Paper Series",
 number = "30028",
 year = "2022",
 month = "5",
 URL = "http://www.nber.org/papers/w30028"
}

@online{gdpr-encryption,
   title={{Privacy and data protection by design: from policy to
       engineering}},
   url={https://data.europa.eu/doi/10.2824/38623},
   DOI={10.2824/38623},
   publisher={E.U. Publications Office},
   author={{European Network and Information Security Agency}},
   year={2015},
}

@inproceedings{blockaid,
author = {Wen Zhang and Eric Sheng and Michael Chang and Aurojit Panda and Mooly Sagiv and Scott Shenker},
title = {Blockaid: Data Access Policy Enforcement for Web Applications},
booktitle = {Proceedings of the 16$^{th}$ USENIX Symposium on Operating Systems Design and Implementation (OSDI)},
year = {2022},
address = {Carlsbad, California, USA},
pages = {701--718},
url = {https://www.usenix.org/conference/osdi22/presentation/zhang},
month = jul,
  publisher = {USENIX Association},
}

@inproceedings{keyprivacy,
  title={{Building Key-Private Public-Key Encryption Schemes}},
  author={Kenneth G. Paterson and Sriramkrishnan Srinivasan},
  booktitle={Australasian Conference on Information Security and Privacy},
  year={2009}
}

@online{n1machines,
    url={https://cloud.google.com/compute/docs/general-purpose-machines#n1_machines},
    year=2023,
    month=apr,
    title={{N1 machine series}},
    author={{Google Cloud}}
}

@online{hundreds,
url={https://blog.dashlane.com/world-password-day/},
year=2023,
month=apr,
title={{World Password Day: How to Improve Your Passwords}},
author={Caruthers, Michelle},
  urldate = {2018-05-11},
}

@inproceedings{tens,
author = {Florencio, Dinei and Herley, Cormac},
title = {A Large-Scale Study of Web Password Habits}},
year = {2007},
address = {New York, NY, USA},
url = {https://doi.org/10.1145/1242572.1242661},
booktitle = {Proceedings of the 16$^{th}$ International Conference on World Wide Web
(WWW)},
pages = {657–666},
numpages = {10},
keywords = {password, authentication, measurements},
location = {Banff, Alberta, Canada},
}

@inproceedings{password_life_cycle,
author = {Stobert, Elizabeth and Biddle, Robert},
title = {{The Password Life Cycle: User Behaviour in Managing Passwords}},
year = {2014},
booktitle = {Proceedings of the 10$^{th} $USENIX Conference on Usable Privacy and Security (SOUPS)},
pages = {243–255},
numpages = {13},
location = {Menlo Park, California, USA},
publisher = {USENIX Association},
}

@online{nbc-twitter,
  author = {Arkin, Daniel},
  title = {{Celebrities are starting to leave Twitter. Here's a running list.}},
  url = {https://www.nbcnews.com/pop-culture/celebrity/twitter-celebrities-leaving-elon-musk-rcna54831},
  date = {2022-10-31},
  urldate = {2023-04-13},
  journal = {NBC News},
}

@online{shondarhimes,
  author = {Rhimes, Shonda},
  title = {{Not hanging around for whatever Elon has planned. Bye}},
  url = {https://twitter.com/shondarhimes/status/1586399694896390147},
  date = {2022-10-29},
  urldate = {2023-04-13},
}

@online{kenolin,
  author = {Olin, Ken},
  title = {{Hey all - I’m out of here. No judgement...}},
  url = {https://twitter.com/kenolin1/status/1586031904007954433},
  date = {2022-10-28},
  urldate = {2023-04-13},
}

@online{musk-twitter,
  author = {Conger, Kate and Hirsch, Lauren},
  title = {{Elon Musk Completes \$44 Billion Deal to Own Twitter}},
  url = {https://www.nytimes.com/2022/10/27/technology/elon-musk-twitter-deal-complete.html},
  date = {2022-10-27},
  urldate = {2023-04-13},
  journal = {New York Times},
}

@online{quit-twitter-india,
  author = {Augus, Daniel},
  title = {{Thinking of quitting Twitter? Here's the right way to do it}},
  url = {https://economictimes.indiatimes.com/news/how-to/thinking-of-quitting-twitter-heres-the-right-way-to-do-it/articleshow/95696874.cms},
  date = {2022-11-23},
  urldate = {2023-07-01},
  journal = {The Economic Times},
}

@online{quit-twitter-mash,
  author = {Mauran, Cecily},
  title = {{So you want to leave Twitter: A wellness plan}},
  url = {https://mashable.com/article/how-to-leave-twitter-guide-elon-musk},
  date = {2022-10-28},
  urldate = {2023-07-01},
  journal = {Mashable},
}

@online{quit-twitter-cr,
  author = {Waddell, Kaveh},
  title = {{How to Quite Twitter---Safely}},
  url = {https://www.consumerreports.org/electronics/social-media/how-to-quit-twitter-a4587748654/},
  date = {2022-11-22},
  urldate = {2023-07-01},
  journal = {Consumer Reports},
}

@online{applesecurity,
    author = {{Apple}},
    urldate = {2022-05},
    title = {{Apple Platform Security}},
    url = {https://help.apple.com/pdf/security/en_US/apple-platform-security-guide.pdf},
    year = 2023,
    month = apr,
}

@misc{androidsecurity,
      title={{The Android Platform Security Model}},
      author={René Mayrhofer and Jeffrey Vander Stoep and Chad Brubaker and Nick Kralevich},
      year={2020},
      eprint={1904.05572},
      archivePrefix={arXiv},
      primaryClass={cs.CR}
}

@inproceedings{cleanos,
author = {Yang Tang and Phillip Ames and Sravan Bhamidipati and Ashish Bijlani and Roxana Geambasu and Nikhil Sarda},
title = {{CleanOS}: Limiting Mobile Data Exposure with Idle Eviction},
booktitle = {Proceedings of the 10\textsuperscript{th} USENIX Symposium on Operating Systems Design and Implementation (OSDI)},
year = {2012},
address = {Hollywood, California, USA},
pages = {77--91},
url = {https://www.usenix.org/conference/osdi12/technical-sessions/presentation/tang},
month = oct,
  publisher = {USENIX Association},
}

@inproceedings{defeat_vanish,
  author       = {Scott Wolchok and
                  Owen S. Hofmann and
                  Nadia Heninger and
                  Edward W. Felten and
                  J. Alex Halderman and
                  Christopher J. Rossbach and
                  Brent Waters and
                  Emmett Witchel},
  title        = {{Defeating Vanish with Low-Cost Sybil Attacks Against Large
      DHTs}},
  booktitle    = {Proceedings of the Network and Distributed System Security Symposium (NDSS)},
  address = {San Diego, California, USA},
  year         = {2010},
  url          = {https://www.ndss-symposium.org/ndss2010/defeating-vanish-low-cost-sybil-attacks-against-large-dhts},
  month        = feb,
  publisher    = {The Internet Society},
}

@inproceedings {dnefs,
author = {Joel Reardon and Srdjan Capkun and David Basin},
title = {Data Node Encrypted File System: Efficient Secure Deletion for Flash Memory},
booktitle = {Proceedings of the 21\textsuperscript{st} USENIX Security Symposium (USENIX Security)},
year = {2012},
address = {Bellevue, Washington, USA},
pages = {333--348},
url = {https://www.usenix.org/conference/usenixsecurity12/technical-sessions/presentation/reardon},
month = aug,
  publisher = {USENIX Association},
}

@inproceedings{cloudlab,
    title     = {{The Design and Operation of {CloudLab}}},
    author    = "Dmitry Duplyakin and Robert Ricci and Aleksander Maricq and
        Gary Wong and Jonathon Duerig and Eric Eide and Leigh Stoller and Mike
        Hibler and David Johnson and Kirk Webb and Aditya Akella and Kuangching
        Wang and Glenn Ricart and Larry Landweber and Chip Elliott and Michael
        Zink and Emmanuel Cecchet and Snigdh-aswin Kar and Prabodh Mishra",
    booktitle = "Proceedings of the {USENIX} Annual Technical Conference (ATC)",
    pages     = "1--14",
    year      = 2019,
    month     = jul,
    url       = "https://www.flux.utah.edu/paper/duplyakin-atc19",
  publisher = {USENIX Association},
}

@rfc{urinorm,
author={Berners-Lee, Tim and Fielding, Roy and Masinter, Larry},
title = {{RFC2396: Uniform Resource Identifiers (URI): Generic Syntax}},
year = {1998},
publisher = {RFC Editor},
address = {USA},
url = {https://www.ietf.org/rfc/rfc3986.txt},
}

@article{gdprizer,
author = {Agarwal, Archita and George, Marilyn and Jeyaraj, Aaron and Schwarzkopf, Malte},
title = {Retrofitting GDPR compliance onto legacy databases},
year = {2021},
issue_date = {December 2021},
publisher = {VLDB Endowment},
volume = {15},
number = {4},
issn = {2150-8097},
url = {https://doi.org/10.14778/3503585.3503603},
journal = {Proceedings of the VLDB Endowment},
month = dec,
pages = {958–970},
numpages = {13}
}

@article{sdp,
author = {Istv\'{a}n, Zsolt and Ponnapalli, Soujanya and Chidambaram, Vijay},
title = {Software-defined data protection: low overhead policy compliance at the storage layer is within reach!},
year = {2021},
issue_date = {March 2021},
publisher = {VLDB Endowment},
volume = {14},
number = {7},
issn = {2150-8097},
url = {https://doi.org/10.14778/3450980.3450986},
journal = {Proceedings of the VLDB Endowment},
month = mar,
pages = {1167–1174},
numpages = {8}
}

@inproceedings{pesos,
author = {Krahn, Robert and Trach, Bohdan and Vahldiek-Oberwagner, Anjo and Knauth, Thomas and Bhatotia, Pramod and Fetzer, Christof},
title = {Pesos: policy enhanced secure object store},
year = {2018},
publisher = {Association for Computing Machinery},
address = {New York, NY, USA},
url = {https://doi.org/10.1145/3190508.3190518},
booktitle={Proceedings of the 13\textsuperscript{th} ACM European Conference on Computer Systems (EuroSys)},
articleno = {25},
numpages = {17},
keywords = {storage security, policy language, kinetic disks, intel SGX},
location = {Porto, Portugal},
series = {EuroSys '18}
}

@inproceedings{ironsafe,
author = {Unnibhavi, Harshavardhan and Cerdeira, David and Barbalace, Antonio and Santos, Nuno and Bhatotia, Pramod},
title = {{Secure and Policy-Compliant Query Processing on Heterogeneous
    Computational Storage Architectures}},
year = {2022},
publisher = {Association for Computing Machinery},
address = {New York, NY, USA},
url = {https://doi.org/10.1145/3514221.3517913},
booktitle = {Proceedings of the 2022 International Conference on Management of Data},
pages = {1462–1477},
numpages = {16},
keywords = {computational storage, heterogeneous confidential computing, policy compliance, trusted execution},
location = {Philadelphia, PA, USA},
series = {SIGMOD '22}
}

@online{ruby_arm,
author={{Ruby on Rails Guides}},
title={{Active Record Migrations}},
url={https://guides.rubyonrails.org/active_record_migrations.html},
year = 2024,
urldate={2024-02-28},
}

@thesis{funhouse,
  title        = {{Funhouse: {A Hall of Mirrors Database}}},
  author       = {Hannah Gross},
  school       = {Brown University},
  year         = 2023,
  month        = may,
  type         = {Honors Thesis},
}

@article{spanner,
author = {Corbett, James C. and Dean, Jeffrey and Epstein, Michael and Fikes, Andrew and Frost, Christopher and Furman, J. J. and Ghemawat, Sanjay and Gubarev, Andrey and Heiser, Christopher and Hochschild, Peter and Hsieh, Wilson and Kanthak, Sebastian and Kogan, Eugene and Li, Hongyi and Lloyd, Alexander and Melnik, Sergey and Mwaura, David and Nagle, David and Quinlan, Sean and Rao, Rajesh and Rolig, Lindsay and Saito, Yasushi and Szymaniak, Michal and Taylor, Christopher and Wang, Ruth and Woodford, Dale},
title = {Spanner: Google’s Globally Distributed Database},
year = {2013},
issue_date = {August 2013},
publisher = {Association for Computing Machinery},
address = {New York, NY, USA},
volume = {31},
number = {3},
issn = {0734-2071},
url = {https://doi.org/10.1145/2491245},
journal = {ACM Trans. Comput. Syst.},
month = aug,
articleno = {8},
numpages = {22},
keywords = {Distributed databases, concurrency control, replication, time management, transactions}
}

@inproceedings{edna-hotos,
author = {Tsai, Lillian and Schwarzkopf, Malte and Kohler, Eddie},
title = {Privacy Heroes Need Data Disguises},
year = {2021},
publisher = {Association for Computing Machinery},
address = {New York, NY, USA},
url = {https://doi.org/10.1145/3458336.3465284},
booktitle = {Proceedings of the Workshop on Hot Topics in Operating Systems},
pages = {112–118},
numpages = {7},
location = {Ann Arbor, Michigan},
series = {HotOS '21}
}

@inproceedings{edna,
author = {Tsai, Lillian and Gross, Hannah and Kohler, Eddie and Kaashoek, Frans and Schwarzkopf, Malte},
title = {Edna: Disguising and Revealing User Data in Web Applications},
year = {2023},
publisher = {Association for Computing Machinery},
address = {New York, NY, USA},
url = {https://doi.org/10.1145/3600006.3613146},
booktitle = {Proceedings of the 29$^{th}$ Symposium on Operating Systems Principles},
pages = {434–450},
numpages = {17},
keywords = {web applications, data privacy, anonymization, data encryption, GDPR, PII},
location = {Koblenz, Germany},
series = {SOSP '23}
}

@inproceedings {obladi,
author = {Natacha Crooks and Matthew Burke and Ethan Cecchetti and Sitar Harel and Rachit Agarwal and Lorenzo Alvisi},
title = {Obladi: Oblivious Serializable Transactions in the Cloud},
booktitle = {Proceedings of the 13$^{th}$ USENIX Symposium on Operating Systems Design and Implementation (OSDI 18)},
year = {2018},
address = {Carlsbad, CA},
pages = {727--743},
url = {https://www.usenix.org/conference/osdi18/presentation/crooks},
publisher = {USENIX Association},
month = oct
}
